@online{BuddySystem,
	author = {geeksforgeeks},
	month = {12},
	title = {{Buddy System – Memory Allocation Technique}},
	year = {2024},
	month = {9},
	day = {30},
	url = {https://www.geeksforgeeks.org/buddy-system-memory-allocation-technique/},
	urldate = 13-10-2024
}

@book{tanenbaum1997sistemas,
  title={Sistemas Operativos: Diseño e implementación},
  author={Andrew S. Tanenbaum and Albert S. Woodhull},
  year={1997},
  edition={Segunda edición},
  publisher={Prentice Hall},
  location={México},
  translator={Roberto Escalona},
  reviewer={Raymundo Hugo Rangel Gutiérrez},
  institution={Vrije Universiteit, Amsterdam, Países Bajos and Hampshire College, Amherst, Massachusetts}
}

@book{cormen2009introduction,
  title     = {Introduction to Algorithms},
  author    = {Cormen, Thomas H. and Leiserson, Charles E. and Rivest, Ronald L. and Stein, Clifford},
  year      = {2009},
  edition   = {3rd},
  publisher = {MIT Press},
  address   = {Cambridge, MA},
  isbn      = {978-0-262-03384-8},
}

@online{fork_function,
  author       = {The Open Group},
  title        = {fork() - create a new process},
  url          = {https://pubs.opengroup.org/onlinepubs/009696799/functions/fork.html},
  year         = {2004},
  urldate      = {2024-10-12}
}